%%% claimfinder.bib
%%% for wicom 2010 
%%% jma 27 Jan 2010

@book{Palmer.2001,
author = {Frank Robert Palmer},
title = {Mood and Modality},
publisher = {Cambridge Univesity Press},
year = {2001}
}

@book{Aikenvald.2006,
author = {Alexandra Y. Aikenvald},
title = {Evidentiality},
publisher = {Oxford Univeristy Press},
year = {2006}
}

%%% eof


 