%%% claimfinder.bib
%%% for wicom 2010 
%%% jma 27 Jan 2010

@book{Palmer.2001,
author = {Frank Robert Palmer},
title = {Mood and Modality},
publisher = {Cambridge Univesity Press},
year = {2001}
}

@book{Aikenvald.2006,
author = {Alexandra Y. Aikenvald},
title = {Evidentiality},
publisher = {Oxford Univeristy Press},
year = {2006}
}

@inproceedings{Sahami98abayesian,
    author = {Mehran Sahami and Susan Dumais and David Heckerman and Eric Horvitz},
    title = {A Bayesian Approach to Filtering Junk E-Mail},
    booktitle = {Proceedings of the AAAI'98 Workshop on Learning for Text Categorization},
    year = {1998}
}

@misc{ mccallum98comparison,
  author = "A. McCallum and K. Nigam",
  title = "A comparison of event models for Naive Bayes text classification",
  text = "A. McCallum and K. Nigam. A comparison of event models for Naive Bayes
    text classification. In AAAI-98 Workshop on Learning for Text Categorization,
    1998.",
  year = "1998",
  url = "citeseer.ist.psu.edu/mccallum98comparison.html" }

 
@book {duda,
        author=        "R. O. Duda and P. E. Hart and D. G. Stork",
        publisher=     "Wiley-Interscience Publication",
        title=         "Pattern Classification",
        year=          "2000"
}

@inproceedings{ jones99bootstrapping,
  author =       "Rosie Jones and Andrew McCallum and Kamal Nigam and Ellen Riloff",
  title =        "Bootstrapping for Text Learning Tasks",
  booktitle =    "IJCAI-99 Workshop on Text Mining: Foundations, Techniques and Applications",
  year =         1999,
  url = "citeseer.ist.psu.edu/jones99bootstrapping.html" }

@misc{yahoo-boss,
  key = "Yahoo",
  title = "Yahoo {BOSS}",
  howpublished = "\url{http://developer.yahoo.com/search/boss/}"
}

%%% eof


 