
@book{echochamber,
	title = {Echo Chamber: Rush Limbaugh and the Conservative Media Establishment},
	author = {Kathleen Hall Jamieson and Joseph N. Cappella},
	publisher = {Oxford University Press},
	year = 2008,
	month = jun
}


@misc{echochamber2,
  author = {SourceWatch},
  title = {SourceWatch entry on ``Echo Chamber''},
  howpublished  = {\url{http://www.sourcewatch.org/index.php?title=Echo_chamber}},
}

@article{truthbend,
  author = {Charles Babington},
  title = {In a truth-bending climate, McCain claims stand out},
  publisher = {Associated Press},
 }
 
 @misc{factcheck,
   key = {FactCheck},
   title = {FactCheck},
   howpublished = {\url{http://factcheck.org}}
 }
 
 @misc{wikipedia,
   key = {Wikipedia},
   title = {Wikipedia},
   howpublished = {\url{http://wikipedia.org}}
 }
 
@INPROCEEDINGS{Korb97acognitive,
    author = {Kevin B. Korb and Richard Mcconachy and Ingrid Zukerman},
    title = {A cognitive model of argumentation},
    booktitle = {In Proceedings of the Nineteenth Annual Conference of the Cognitive Science Society},
    year = {1997},
    pages = {400--405}
}

@book{toulmin,
   author = {Stephen Toulmin},
   title = {The Uses of Argument},
   year = 1958,
   isbn = {0-521-53483-6},
   publisher = {Cambridge University Press}
}

@book{argmas,
  title = {Proceedings of the 4th International Workshop on Argumentation in Multi-Agent Systems},
  editor = {Iyad Rahwan and Simon Parsons and Chris Reed},
  publisher = {Springer Verlag},
  series = {Lecture Notes in Computer Science},
  volume = {4946},
  year = 2007
}

@book{conceptmap,
  title = {Learning, Creating, and Using Knowledge: Concept Maps as Facilitative Tools in Schools and Corporations},
  author = {Joseph Donald Novak},
  publisher = {Lawrence Erlbaum Associates},
  year = 1998,
  isbn = {0805826262}
}

@article{carneades,
 title = {The Carneades Model of Argument and Burden of Proof},
 author = {Thomas F. Gordon and Henry Prakken and Douglas Walton},
  journal = {Artificial Intelligence},
  volume = 171,
  year =  2007,
  number = {10-15},
  pages = {875-896}
}

@inproceedings{ideanavigation,
 author = {Robin Stewart and Gregory Scott and Vladimir Zelevinsky},
 title = {Idea navigation: structured browsing for unstructured text},
 booktitle = {CHI '08: Proceeding of the twenty-sixth annual SIGCHI conference on Human factors in computing systems},
 year = {2008},
 isbn = {978-1-60558-011-1},
 pages = {1789--1792},
 location = {Florence, Italy},
 doi = {http://doi.acm.org/10.1145/1357054.1357332},
 publisher = {ACM},
 address = {New York, NY, USA},
 }

@inproceedings{citesense,
 author = {Xiaolong Zhang and Yan Qu and C. Lee Giles and Piyou Song},
 title = {CiteSense: supporting sensemaking of research literature},
 booktitle = {CHI '08: Proceeding of the twenty-sixth annual SIGCHI conference on Human factors in computing systems},
 year = {2008},
 isbn = {978-1-60558-011-1},
 pages = {677--680},
 location = {Florence, Italy},
 doi = {http://doi.acm.org/10.1145/1357054.1357161},
 publisher = {ACM},
 address = {New York, NY, USA},
 }

@inproceedings{quotations,
  title = {Generating Links by Mining Quotations},
  author = {Okan Kolak and Bill N. Schilit},
  booktitle = {Proceedings of the nineteenth ACM conference on Hypertext and Hypermedia (HYPERTEXT '08)},
  year = 2008,
  publisher = {ACM}
}



@inproceedings{quotationdl,
  title = {Exploring a Digital Library through Key Ideas},
  author = {Bill N. Schilit and Okan Kolak},
  booktitle = {Proceedings of the 8th ACM/IEEE-CS Joint Conference on Digital Libraries (JCDL '08)},
  year = 2008,
  publisher = {ACM}
}

@INPROCEEDINGS{zeno,
    author = {Thomas F. Gordon and Nikos Karacapilidis},
    title = {The Zeno argumentation framework},
    booktitle = {In Proceedings of the Sixth International Conference on AI and Law},
    year = {1997},
    pages = {10--18},
    publisher = {ACM Press}
}

@article{ibis,
   author = {Horst Rittel and Melvin Webber},
   year = 1973,
   title= {Dilemmas in a general theory of planning},
   journal = {Policy Sciences},
   volume = 4
}

@inproceedings{entityworkspace,
  title = {Entity workspace: an evidence file that aids memory, inference, and reading},
  authors={Eric Bier and Edward Ishak and Ed Chi},
  booktitle = {Proceedings of the IEEE International Conference on Intelligence and Security Informatics (ISI)},
  year = 2006,
  month = may
 }

@book{marginalia,
	title = {Marginalia: Readers Writing in Books},
	author = {H.J. Jackson},
	publisher = {Yale University Press},
	year = 2001
}

@article{bbcwebwarning,
  title = {Warning sounded on web's future},
  journal = {BBC News},
  author = {Pallab Ghosh},
  year = 2008,
  month = sep,
  day = 15,
	url = {\url{http://news.bbc.co.uk/2/hi/technology/7613201.stm}}  
}

@book{mindmapbook,
	title = {The Mind Map Book},
	author = {Tony Buzan and Barry Buzan},
	publisher = {Plume},
	year = 1996
}

@inproceedings{vizster,
  title = {Vizster: Visualizing Online Social Networks},
  author = {Jeffrey Heer and Danah Boyd},
  booktitle = {IEEE Symposium on Information Visualization (InfoVis)},
  year = 2005
}

 @misc{thebrain,
   key = {The Brain},
   title = {Personal Brain},
   author = {The Brain},
   howpublished = {\url{http://thebrain.com}}
 }
 
@inproceedings{scenthighlights,
	title = {ScentHighlights: Highlighting Conceptually-Related Sentences During Reading},
	author = {Ed Chi and Lichan Hong and Michelle Gumbrecht and Stuart Card},
	booktitle = {Proceedings of the 10th International Conference on Intelligent User Interfaces (IUI'05)},
	year = 2005
}